%% This BibTeX bibliography file was created using BibDesk.
%% http://bibdesk.sourceforge.net/

%% Saved with string encoding Unicode (UTF-8)

@phdthesis{millerphd,
        Title    = {Robust composition: Towards a unified approach to access control and concurrency control},
	School   = {Johns Hopkins University},
	Author   = {Mark Miller},
	Year     = {2006}}

@inproceedings{csf14,
        Author = {Vanhoef, Mathy and De Groef, Willem and Devriese, Dominique and Piessens, Frank and Rezk, Tamara},
	Title = {Stateful Declassification Policies for Event-Driven Programs},
	Booktitle = {Proc. 2014 IEEE 27th Computer Security Foundations Symposium},
	Year = {2014},
	Pages = {293--307}} 

@incollection{delRelease,
        Year={2004},
	Booktitle={Software Security - Theories and Systems},
	Volume={3233},
	Series={LNCS},
	Editor={Futatsugi, Kokichi and Mizoguchi, Fumio and Yonezaki, Naoki},
	Title={A Model for Delimited Information Release},
	Publisher={Springer Berlin Heidelberg},
	Author={Sabelfeld, Andrei and Myers, Andrew C.},
	Pages={174--191}}

@inproceedings{buiras14CSF,
        Author = {Buiras, Pablo and Stefan, Deian and Russo, Alejandro},
	Title = {On Dynamic Flow-Sensitive Floating-Label Systems},
	Booktitle = {Proc. 2014 IEEE 27th Computer Security Foundations Symposium},
	Series = {CSF '14},
	Year = {2014},
	Pages = {65--79},
	Publisher = {IEEE Computer Society}}

@inproceedings{king08implicit,
        Title = {Implicit Flows: {C}an't live with 'em, can't live without 'em},
	Author = {Dave King and Boniface Hicks and Michael Hicks and Trent Jaeger},
	Booktitle = {Proc. International Conference on Information Systems Security (ICISS)},
	Month = DEC,
	Year = 2008,
	Series = {Lecture Notes in Computer Science},
	Volume = {5352},
	Editor = {R. Sekar and Arun K. Pujari},
	Publisher = {Springer},
	Pages = {56--70}}

@inproceedings{russo10CSF,
	Author = {Russo, A. and Sabelfeld, A.},
	Booktitle = {Proc. 2010 IEEE 23rd Computer Security Foundations Symposium},
	Pages = {186--199},
	Title = {Dynamic vs. Static Flow-Sensitive Security Analysis},
	Year = {2010}}

@inproceedings{Maffeis:CSF09,
	Author = {Sergio Maffeis and Ankur Taly},
	Booktitle = {Proc. 2009 IEEE 22nd Computer Security Foundations Symposium},
	Pages = {77--91},
	Title = {Language-Based Isolation of Untrusted JavaScript},
	Year = {2009}}

@inproceedings{ccs12wuinclude,
	Author = {Nikiforakis, Nick and Invernizzi, Luca and Kapravelos, Alexandros and Van Acker, Steven and Joosen, Wouter and Kruegel, Christopher and Piessens, Frank and Vigna, Giovanni},
	Booktitle = {Proc. ACM Conference on Computer and Communications Security},
	Pages = {736--747},
	Title = {You Are What You Include: Large-scale Evaluation of Remote {J}ava{S}cript Inclusions},
	Year = {2012}}

@inproceedings{survey09,
	Author = {Yue, Chuan and Wang, Haining},
	Booktitle = {Proc. International World Wide Web Conference},
	Pages = {961--970},
	Title = {Characterizing Insecure {J}ava{S}cript Practices on the {W}eb},
	Year = {2009}}

@inproceedings{stagedIFC,
	Author = {Ravi Chugh and Jeffrey A. Meister and Ranjit Jhala and Sorin Lerner},
	Booktitle = {Proc. ACM SIGPLAN Conference on Programming
                  Language Design and Implementation},
	Pages = {50--62},
	Title = {Staged information flow for {J}ava{S}cript},
	Year = {2009}}

@inproceedings{thirdParty12,
	Author = {Jonathan R. Mayer and John C. Mitchell},
	Booktitle = {Proc. IEEE Symposium on Security and Privacy},
	Pages = {413--427},
	Title = {Third-party web tracking: Policy and technology},
	Year = {2012}}

@inproceedings{Gurvan07,
	Author = {Gurvan Le Guernic},
	Booktitle = {Proc. IEEE Computer Security Foundations Symposium},
	Pages = {218--232},
	Title = {Automaton-based Confidentiality Monitoring of Concurrent Programs},
	Year = {2007}}

@inproceedings{Gurvan06,
	Author = {Gurvan Le Guernic and Anindya Banerjee and Thomas Jensen and David A. Schmidt},
	Booktitle = {Proc. Asian Computing Science Conference on Secure Software},
	Pages = {75--89},
	Title = {Automata-based Confidentiality Monitoring},
	Year = {2006}}

@inproceedings{Nentwich07,
	Author = {Florian Nentwich and Nenad Jovanovic and Engin Kirda and Christopher Kruegel and Giovanni Vigna},
	Booktitle = {Proc. Network and Distributed System Security Symposium},
	Title = {Cross-Site Scripting Prevention with Dynamic Data Tainting and Static Analysis},
	Year = {2007}}

@inproceedings{Sabelfeld10,
	Author = {Sabelfeld, Andrei and Russo, Alejandro},
	Booktitle = {Proc. Perspectives of Systems Informatics},
	Pages = {352--365},
	Title = {From Dynamic to Static and Back: Riding the Roller Coaster of Information-Flow Control Research},
	Year = {2010}}

@inproceedings{hunt2006:types,
	Author = {Hunt, Sebastian and Sands, David},
	Booktitle = {Proc. ACM SIGPLAN-SIGACT Symposium on Principles of Programming Languages},
	Pages = {79--90},
	Title = {On Flow-sensitive Security Types},
	Year = {2006}}

@article{denning77,
	Author = {Denning, Dorothy E. and Denning, Peter J.},
	Journal = {Communications of the ACM},
	Month = Jul,
	Number = {7},
	Numpages = {10},
	Pages = {504--513},
	Title = {Certification of programs for secure information flow},
	Volume = {20},
	Year = {1977}}

@inproceedings{Askarov09,
	Author = {Askarov, Aslan and Sabelfeld, Andrei},
	Booktitle = {Proc. IEEE Computer Security Foundations Symposium},
	Pages = {43--59},
	Title = {Tight Enforcement of Information-Release Policies for Dynamic Languages},
	Year = {2009}}

@inproceedings{askarov,
	Author = {Askarov, Aslan and Hunt, Sebastian and Sabelfeld, Andrei and Sands, David},
	Booktitle = {Proc. European Symposium on Research in Computer Security},
	Pages = {333--348},
	Title = {Termination-Insensitive Noninterference Leaks More Than Just a Bit},
	Year = {2008}}

@inproceedings{jsand,
	Author = {Agten, Pieter and Van Acker, Steven and Brondsema, Yoran and Phung, Phu H. and Desmet, Lieven and Piessens, Frank},
	Booktitle = {Proc. Annual Computer Security Applications Conference},
	Pages = {1--10},
	Title = {J{S}and: {C}omplete Client-side Sandboxing of Third-party {J}ava{S}cript Without Browser Modifications},
	Year = {2012}}

@inproceedings{gardner,
	Author = {Philippa Gardner and Gareth Smith and Mark J. Wheelhouse and Uri Zarfaty},
	Booktitle = {Proc. ACM SIGPLAN Workshop on Programming Language Technologies for XML},
	Title = {{D}{O}{M}: Towards a Formal Specification},
	Year = {2008}}

@inproceedings{Krishnamurthy,
	Author = {Benjamin S. Lerner and Matthew J. Carroll and Dan P. Kimmel and Hannah Quay-de la Vallee and Shriram Krishnamurthi},
	Booktitle = {Proc. USENIX Conference on Web Application Development},
	Pages = {1--12},
	Title = {Modeling and Reasoning about DOM Events},
	Year = {2012}}

@inproceedings{plas14,
	Author = {Bichhawat, Abhishek and Rajani, Vineet and Garg, Deepak and Hammer, Christian},
	Booktitle = {Proc. 9th ACM SIGPLAN Workshop on Programming Languages and Analysis for Security},
	Pages = {15:15--15:24},
	Title = {Generalizing Permissive-Upgrade in Dynamic Information Flow Analysis},
	Year = {2014}}

@incollection{post14,
	Author = {Bichhawat, Abhishek and Rajani, Vineet and Garg, Deepak and Hammer, Christian},
	Booktitle = {Proc. Principles of Security and Trust},
	Pages = {159-178},
	Title = {Information Flow Control in {WebKit's} {JavaScript} Bytecode},
	Year = {2014},
	publisher={Springer Berlin Heidelberg},
}

@incollection{crowdflow,
	Author = {Kerschbaumer, Christoph and Hennigan, Eric and Larsen, Per and Brunthaler, Stefan and Franz, Michael},
	Booktitle = {Proc. Trust and Trustworthy Computing},
	Pages = {187-195},
	Title = {Towards Precise and Efficient Information Flow Control in Web Browsers},
	Year = {2013}}

@incollection{tamaraDOM,
	Author = {Almeida-Matos, Ana and Fragoso Santos, Jos{\'e} and Rezk, Tamara},
	Booktitle = {Proc. Trustworthy Global Computing},
	Pages = {1-16},
	Title = {An Information Flow Monitor for a Core of DOM},
	Year = {2014}}

@inproceedings{jsflow,
	Author = {Hedin, Daniel and Birgisson, Arnar and Bello, Luciano and Sabelfeld, Andrei},
	Booktitle = {Proc. ACM Symposium on Applied Computing},
	Pages = {1663--1671},
	Title = {{J}{S}{F}low: Tracking Information Flow in {J}ava{S}cript and Its {A}{P}{I}s},
	Year = {2014}}

@inproceedings{cowl,
	Author = {Deian Stefan and Edward Z. Yang and Petr Marchenko and Alejandro Russo and Dave Herman and Brad Karp and David Mazi{\`e}res},
	Booktitle = {Proc. USENIX Symposium on Operating Systems Design and Implementation},
	Pages = {131--146},
	Title = {Protecting Users by Confining {J}ava{S}cript with {C}{O}{W}{L}},
	Year = {2014}}

@inproceedings{just11PLASTIC,
	Author = {Just, Seth and Cleary, Alan and Shirley, Brandon and Hammer, Christian},
	Booktitle = {Proc. ACM SIGPLAN International Workshop on Programming Language and Systems Technologies for Internet Clients},
	Pages = {9--18},
	Title = {Information flow analysis for {J}ava{S}cript},
	Year = {2011}}

@inproceedings{russo09,
	Author = {Russo, Alejandro and Sabelfeld, Andrei and Chudnov, Andrey},
	Booktitle = {Proc. European Symposium on Research in Computer Security},
	Pages = {86--103},
	Title = {Tracking Information Flow in Dynamic Tree Structures},
	Year = {2009}}

@phdthesis{zdancewic02PhD,
	Author = {Stephan A. Zdancewic},
	Month = {August},
	School = {Cornell University},
	Title = {Programming Languages for Information Security},
	Year = {2002}}

@inproceedings{jang10CCS,
	Author = {Jang, Dongseok and Jhala, Ranjit and Lerner, Sorin and Shacham, Hovav},
	Booktitle = {Proc. ACM Conference on Computer and
                  Communications Security},
	Pages = {270--283},
	Title = {An empirical study of privacy-violating information flows in {J}ava{S}cript web applications},
	Year = {2010}}

@inproceedings{austin12POPL,
	Author = {Austin, Thomas H. and Flanagan, Cormac},
	Booktitle = {Proc. ACM SIGPLAN-SIGACT Symposium on Principles of Programming Languages},
	Pages = {165--178},
	Title = {Multiple facets for dynamic information flow},
	Year = {2012}}

@inproceedings{csf12,
	Author = {Hedin, Daniel and Sabelfeld, Andrei},
	Booktitle = {Proc. IEEE Computer Security Foundations Symposium},
	Pages = {3--18},
	Title = {Information-Flow Security for a Core of {J}ava{S}cript},
	Year = {2012}}

@inproceedings{plas10,
	Author = {Austin, Thomas H. and Flanagan, Cormac},
	Booktitle = {Proc. ACM SIGPLAN Workshop on Programming Languages and Analysis for Security},
	Pages = {1--12},
	Title = {Permissive dynamic information flow analysis},
	Year = {2010}}

@inproceedings{plas09,
	Author = {Austin, Thomas H. and Flanagan, Cormac},
	Booktitle = {Proc. ACM SIGPLAN Workshop on Programming Languages and Analysis for Security},
	Pages = {113--124},
	Title = {Efficient purely-dynamic information flow analysis},
	Year = {2009}}

@inproceedings{flowfox,
	Author = {De Groef, Willem and Devriese, Dominique and Nikiforakis, Nick and Piessens, Frank},
	Booktitle = {Proc. ACM Conference on Computer and Communications Security},
	Pages = {748--759},
	Title = {FlowFox: a web browser with flexible and precise information flow control},
	Year = {2012}}

@inproceedings{SME,
	Author = {Devriese, Dominique and Piessens, Frank},
	Booktitle = {Proc. IEEE Symposium on Security and Privacy},
	Pages = {109--124},
	Title = {Noninterference through Secure Multi-execution},
	Year = {2010}}

@inproceedings{rni,
	Author = {Bohannon, Aaron and Pierce, Benjamin C. and Sj\"{o}berg, Vilhelm and Weirich, Stephanie and Zdancewic, Steve},
	Booktitle = {Proc. ACM Conference on Computer and Communications Security},
	Pages = {79--90},
	Title = {Reactive noninterference},
	Year = {2009}}

@inproceedings{rnib,
	Author = {Bielova, N. and Devriese, D. and Massacci, F. and Piessens, F.},
	Booktitle = {Proc. International Conference on Network and System Security},
	Pages = {97-104},
	Title = {Reactive non-interference for a browser model},
	Year = {2011}}

@inproceedings{FWF,
	Author = {Bohannon, Aaron and Pierce, Benjamin C.},
	Booktitle = {Proc. USENIX conference on Web Application Development},
	Pages = {11--22},
	Title = {Featherweight {Firefox}: Formalizing the core of a web browser},
	Year = {2010}}

@inproceedings{goguen,
	Author = {Goguen, Joseph A. and Meseguer, Jos{\'{e}}},
	Booktitle = {Proc. IEEE Symposium on Security and Privacy},
	Pages = {11--20},
	Title = {Security policies and security models},
	Year = {1982}}

@inproceedings{acsac09,
	Author = {Dhawan, Mohan and Ganapathy, Vinod},
	Booktitle = {Proc. Annual Computer Security Applications Conference},
	Pages = {382--391},
	Title = {Analyzing Information Flow in {J}ava{S}cript-Based Browser Extensions},
	Year = {2009}}

@article{volpano,
	Author = {Volpano, Dennis and Irvine, Cynthia and Smith, Geoffrey},
	Journal = {Journal of Computer Security},
	Month = {Jan},
	Number = {2-3},
	Numpages = {21},
	Pages = {167--187},
	Title = {A sound type system for secure flow analysis},
	Volume = {4},
	Year = {1996}}

@inproceedings{richards11ECOOP,
	Author = {Gregor Richards and Christian Hammer and Brian Burg and Jan Vitek},
	Booktitle = {Proc. European Conference on Object-Oriented Programming},
	Pages = {52--78},
	Title = {The Eval that Men Do -- A Large-scale Study of the Use of Eval in {J}ava{S}cript Applications},
	Year = {2011}}

@inproceedings{csf15,
	Author = {Rajani, V. and Bichhawat, A. and Garg, D. and Hammer, C.},
	Booktitle = {Proc. IEEE 28th Computer Security Foundations Symposium (CSF '15)},
	Pages = {366--379},
	Title = {Information Flow Control for Event Handling and the {D}{O}{M} in Web Browsers},
	Year = {2015}}

@inproceedings{gradRelease,
	Author = {Askarov, Aslan and Sabelfeld, Andrei},
	Booktitle = {Proc. 2007 IEEE Symposium on Security and Privacy (SP '07)},
	Pages = {207--221},
	Title = {Gradual Release: Unifying Declassification, Encryption and Key Release Policies},
	Year = {2007}}

@article{Masri,
	Author = {Wes Masri and Andy Podgurski},
	Journal = {Information {\&} Software Technology},
	Number = {2},
	Pages = {385--404},
	Title = {Algorithms and tool support for dynamic information flow analysis},
	Volume = {51},
	Year = {2009}}

@inproceedings{Xin,
	Author = {Xin, Bin and Zhang, Xiangyu},
	Booktitle = {Proc. 2007 International Symposium on Software Testing and Analysis},
	Numpages = {11},
	Pages = {185--195},
	Title = {Efficient Online Detection of Dynamic Control Dependence},
	Year = {2007}}

@inproceedings{jeeves,
        author = {Yang, Jean and Yessenov, Kuat and Solar-Lezama, Armando},
	title = {A Language for Automatically Enforcing Privacy Policies},
	booktitle = {Proc. 39th Annual ACM SIGPLAN-SIGACT Symposium on Principles of Programming Languages},
	series = {POPL '12},
	Year = {2012},
	pages = {85--96}}
	
@article{dimDecl,
        author = {Sabelfeld, Andrei and Sands, David},
	title = {Declassification: Dimensions and Principles},
	journal = {J. Comput. Secur.},
	issue_date = {October 2009},
	volume = {17},
	number = {5},
	month = Oct,
	Year = {2009},
	pages = {517--548}}

@incollection{boudol,
        Year={2009},
	booktitle={Formal Aspects in Security and Trust},
	volume={5491},
	series={Lecture Notes in Computer Science},
	editor={Degano, Pierpaolo and Guttman, Joshua and Martinelli, Fabio},
	title={Secure Information Flow as a Safety Property},
	publisher={Springer Berlin Heidelberg},
	author={Boudol, Gérard},
	pages={20--34}}

@inproceedings{csf13,
	Author = {Besson, F. and Bielova, N. and Jensen, T.},
	Booktitle = {Proc. IEEE 26th Computer Security Foundations Symposium (CSF '13)},
	Pages = {240--254},
	Title = {Hybrid Information Flow Monitoring against Web Tracking},
	Year = {2013}}

@inproceedings{concCSF,
	Author = {Askarov, A. and Chong, S. and Mantel, H.},
	Booktitle = {Proc. IEEE 28th Computer Security Foundations Symposium (CSF '15)},
	Pages = {137--151},
	Title = {Hybrid Monitors for Concurrent Noninterference},
	Year = {2015}}

@inproceedings{relSec,
 author = {Volpano, Dennis and Smith, Geoffrey},
 title = {Verifying Secrets and Relative Secrecy},
 booktitle = {Proc. 27th ACM SIGPLAN-SIGACT Symposium on Principles of Programming Languages},
 series = {POPL '00},
 Year = {2000},
 pages = {268--276},
}

@inproceedings{csf11,
	Author = {Mardziel, P. and Magill, S. and Hicks, M. and Srivatsa, M.},
	Booktitle = {Proc. IEEE 24th Computer Security Foundations Symposium (CSF '11)},
	Pages = {114--128},
	Title = {Dynamic Enforcement of Knowledge-Based Security Policies},
	Year = {2011}}

@article{clark,
 author = {Clark, David and Hunt, Sebastian and Malacaria, Pasquale},
 title = {A Static Analysis for Quantifying Information Flow in a Simple Imperative Language},
 journal = {J. Comput. Secur.},
 issue_date = {Aug. 2007},
 volume = {15},
 number = {3},
 Year = {2007},
 pages = {321--371},
}

@inproceedings{backes,
 author = {Backes, Michael and Kopf, Boris and Rybalchenko, Andrey},
 title = {Automatic Discovery and Quantification of Information Leaks},
 booktitle = {Proc. 2009 30th IEEE Symposium on Security and Privacy},
 Year = {2009},
 pages = {141--153},
}

@INPROCEEDINGS{kopf,
author={Kopf, B. and Rybalchenko, A.},
booktitle={Computer Security Foundations Symposium (CSF), 2010 23rd IEEE},
title={Approximation and Randomization for Quantitative Information-Flow Analysis},
Year={2010},
pages={3-14},
month={July}}

@inproceedings{mccamant,
 author = {McCamant, Stephen and Ernst, Michael D.},
 title = {Quantitative Information Flow As Network Flow Capacity},
 booktitle = {Proc. 29th ACM SIGPLAN Conference on Programming Language Design and Implementation},
 series = {PLDI '08},
 Year = {2008},
 pages = {193--205},
}

@inproceedings{scd,
 author = {Bao, Tao and Zheng, Yunhui and Lin, Zhiqiang and Zhang, Xiangyu and Xu, Dongyan},
 title = {Strict Control Dependence and Its Effect on Dynamic Information Flow Analyses},
 booktitle = {Proc. 19th International Symposium on Software Testing and Analysis},
 series = {ISSTA '10},
 Year = {2010},
 pages = {13--24},
}

@inproceedings{dta,
	Author = {Min Gyung Kang and Stephen McCamant and Pongsin Poosankam and and Dawn Song},
	Booktitle = {Proc. 18th Network and Distributed System Security Symposium (NDSS '11)},
	Title = {DTA++: Dynamic Taint Analysis with Targeted Control-Flow Propagation},
	Year = {2011}}

@inproceedings{rochaSP,
 author = {Rocha, Bruno P.  S. and Bandhakavi, Sruthi and Hartog, Jerry den and Winsborough, William H. and Etalle, Sandro},
 title = {Towards Static Flow-Based Declassification for Legacy and Untrusted Programs},
 booktitle = {Proc. 2010 IEEE Symposium on Security and Privacy},
 series = {SP '10},
 Year = {2010},
 pages = {93--108},
}

@inproceedings{cgrSP,
 author = {Banerjee, Anindya and Naumann, David A. and Rosenberg, Stan},
 title = {Expressive Declassification Policies and Modular Static Enforcement},
 booktitle = {Proc. 2008 IEEE Symposium on Security and Privacy},
 series = {SP '08},
 Year = {2008},
 pages = {339--353},
}

@book{denning82,
 author = {Denning, Dorothy Elizabeth Robling},
 title = {Cryptography and Data Security},
 Year = {1982},
 publisher = {Addison-Wesley Longman Publishing Co., Inc.},
}

@inproceedings{cohen77,
 author = {Cohen, Ellis},
 title = {Information Transmission in Computational Systems},
 booktitle = {Proc. Sixth ACM Symposium on Operating Systems Principles},
 series = {SOSP '77},
 Year = {1977},
 pages = {133--139},
}

@book{cohen78,
 author = {Cohen, Ellis},
 title = {Information Transmission in Sequential Programs},
 series={Foundations of Secure Computation},
 pages = {297--335},
 Year = {1978},
 publisher = {Academic Press},
}

@inproceedings{ani,
 author = {Giacobazzi, Roberto and Mastroeni, Isabella},
 title = {Abstract Non-interference: Parameterizing Non-interference by Abstract Interpretation},
 booktitle = {Proc. 31st ACM SIGPLAN-SIGACT Symposium on Principles of Programming Languages},
 series = {POPL '04},
 Year = {2004},
 pages = {186--197},
}

@inproceedings{rel-ni,
 author = {Li, Peng and Zdancewic, Steve},
 title = {Downgrading Policies and Relaxed Noninterference},
 booktitle = {Proc. 32Nd ACM SIGPLAN-SIGACT Symposium on Principles of Programming Languages},
 series = {POPL '05},
 Year = {2005},
 pages = {158--170},
}

@inproceedings{ws,
 author = {Volpano, Dennis M.},
 title = {Safety Versus Secrecy},
 booktitle = {Proc. 6th International Symposium on Static Analysis},
 series = {SAS '99},
 Year = {1999},
 pages = {303--311},
}


@article{LBIFS, 
author={A. Sabelfeld and A. C. Myers}, 
journal={IEEE Journal on Selected Areas in Communications}, 
title={Language-based information-flow security}, 
Year={2003}, 
volume={21}, 
number={1}, 
month={Jan},
}

@inproceedings{implicit,
 author = {Alejandro Russo and Andrei Sabelfeld and Keqin Li},
 title = {Implicit flows in malicious and nonmalicious code},
 booktitle = {Proc. 2009 Marktoberdorf Summer School},
 Year = {2009},
}

@article{latte,
title = "Effective lattice point counting in rational convex polytopes ",
journal = "Journal of Symbolic Computation ",
volume = "38",
number = "4",
pages = "1273 - 1302",
Year = "2004",
note = "Symbolic Computation in Algebra and Geometry ",
author = "Jesús A. De Loera and Raymond Hemmecke and Jeremiah Tauzer and Ruriko Yoshida",
}

@inbook{smith2009,
author="Smith, Geoffrey",
chapter="On the Foundations of Quantitative Information Flow",
title="Foundations of Software Science and Computational Structures: 12th International Conference, FOSSACS 2009",
Year="2009",
publisher="Springer",
pages="288--302",
}

@article{shannon,
 author = {Shannon, C. E.},
 title = {A Mathematical Theory of Communication},
 journal = {SIGMOBILE Mob. Comput. Commun. Rev.},
 issue_date = {January 2001},
 volume = {5},
 number = {1},
 month = jan,
 Year = {2001},
 pages = {3--55},
 numpages = {53},
 publisher = {ACM},
}

@article{esp13,
title = "Min-entropy as a resource ",
journal = "Information and Computation ",
volume = "226",
number = "",
pages = "57 - 75",
Year = "2013",
note = "Special Issue: Information Security as a Resource ",
author = "Barbara Espinoza and Geoffrey Smith",
}

@inproceedings{bielovaPLAS,
	Author = {Bielova, Nataliia},
	Booktitle = {Proc. 11th ACM SIGPLAN Workshop on Programming Languages and Analysis for Security},
	Pages = {},
	Title = {Dynamic leakage - a need for a new quantitative information flow measure},
	Year = {2016}}

@inproceedings{csf12GLeakage,
 author = {Alvim, Mario S. and Chatzikokolakis, Kostas and Palamidessi, Catuscia and Smith, Geoffrey},
 title = {Measuring Information Leakage Using Generalized Gain Functions},
 booktitle = {Proc. 2012 IEEE 25th Computer Security Foundations Symposium},
 series = {CSF '12},
 Year = {2012},
 pages = {265--279},
 numpages = {15},
}

@article{clarkson2009,
 author = {Clarkson, Michael R. and Myers, Andrew C. and Schneider, Fred B.},
 title = {Quantifying Information Flow with Beliefs},
 journal = {J. Comput. Secur.},
 issue_date = {October 2009},
 volume = {17},
 number = {5},
 month = Oct,
 Year = {2009},
 pages = {655--701},
}

@INPROCEEDINGS{guessing,
    author = {James L. Massey},
    title = {Guessing and Entropy},
    booktitle = {In Proc. 1994 IEEE International Symposium on Information Theory},
    Year = {1994},
    pages = {204}
}

@inproceedings{ccs13crypton,
 author = {Dong, Xinshu and Chen, Zhaofeng and Siadati, Hossein and Tople, Shruti and Saxena, Prateek and Liang, Zhenkai},
 title = {Protecting Sensitive Web Content from Client-side Vulnerabilities with CRYPTONS},
 booktitle = {Proc. 2013 ACM SIGSAC Conference on Computer and Communications Security},
 Year = {2013},
 pages = {1311--1324},
}

@inproceedings{zhouESORICS11,
 author = {Zhou, Yuchen and Evans, David},
 title = {Protecting Private Web Content from Embedded Scripts},
 booktitle = {Proc. 16th European Conference on Research in Computer Security},
 Year = {2011},
 pages = {60--79},
}

@inproceedings{conscript,
 author = {Meyerovich, Leo A. and Livshits, Benjamin},
 title = {ConScript: Specifying and Enforcing Fine-Grained Security Policies for JavaScript in the Browser},
 booktitle = {Proc. 2010 IEEE Symposium on Security and Privacy},
 Year = {2010},
 pages = {481--496},
}

@inproceedings{adjail,
 author = {Louw, Mike Ter and Ganesh, Karthik Thotta and Venkatakrishnan, V. N.},
 title = {AdJail: Practical Enforcement of Confidentiality and Integrity Policies on Web Advertisements},
 booktitle = {Proc. 19th USENIX Conference on Security},
 Year = {2010},
 pages = {24--24},
}

@inproceedings{webjail,
 author = {Van Acker, Steven and De Ryck, Philippe and Desmet, Lieven and Piessens, Frank and Joosen, Wouter},
 title = {WebJail: Least-privilege Integration of Third-party Components in Web Mashups},
 booktitle = {Proc. 27th Annual Computer Security Applications Conference},
 Year = {2011},
 pages = {307--316},
}

@INPROCEEDINGS{mashif, 
author={Zhou Li and Kehuan Zhang and XiaoFeng Wang}, 
booktitle={Proc. 2010 IEEE/IFIP International Conference on Dependable Systems Networks (DSN)}, 
title={Mash-IF: Practical information-flow control within client-side mashups}, 
Year={2010}, 
pages={251-260}, 
month={June},}

@inproceedings{dc-labels,
 author = {Stefan, Deian and Russo, Alejandro and Mazi\`{e}res, David and Mitchell, John C.},
 title = {Disjunction Category Labels},
 booktitle = {Proc. 16th Nordic Conference on Information Security Technology for Applications},
 Year = {2012},
 pages = {223--239},
} 

@inproceedings{Rafnsson-csf13,
 author = {Rafnsson, Willard and Sabelfeld, Andrei},
 title = {Secure Multi-execution: Fine-Grained, Declassification-Aware, and Transparent},
 booktitle = {Proc. 2013 IEEE 26th Computer Security Foundations Symposium},
 Year = {2013},
 pages = {33--48},
} 

@InProceedings{dom2011,
  author =       {Simon Holm Jensen and Magnus Madsen and Anders M\o{}ller},
  title =        {Modeling the {HTML} {DOM} and Browser {API} in Static Analysis of {J}ava{S}cript Web Applications},
  booktitle =    {Proc. 8th joint meeting of the European Software Engineering Conference
                  and the ACM SIGSOFT Symposium on the Foundations of Software Engineering (ESEC/FSE)},
  Year =         {2011},
  month =        {September},
}

@InProceedings{ndss15,
  author =       {Lujo Bauer and Shaoying Cai and Limin Jia and Timothy Passaro and Michael Stroucken and Yuan Tian},
  title =        {Run-time Monitoring and Formal Analysis of Information Flows in Chromium},
  booktitle =    {Proc. Network and Distributed System Security Symposium (NDSS '15)},
  Year =         {2015},
}

@inproceedings{guarnieri11ISSTA,
	Author = {Guarnieri, Salvatore and Pistoia, Marco and Tripp, Omer and Dolby, Julian and Teilhet, Stephen and Berg, Ryan},
	Booktitle = {Proc. 2011 International Symposium on Software Testing and Analysis},
	Pages = {177--187},
	Title = {Saving the world wide web from vulnerable JavaScript},
	Year = {2011},
}

@inproceedings{survey09,
	Author = {Yue, Chuan and Wang, Haining},
	Booktitle = {Proc. International World Wide Web Conference},
	Pages = {961--970},
	Title = {Characterizing Insecure {J}ava{S}cript Practices on the {W}eb},
	Year = {2009}}

@inproceedings{thirdParty12,
	Author = {Jonathan R. Mayer and John C. Mitchell},
	Booktitle = {Proc. IEEE Symposium on Security and Privacy},
	Pages = {413--427},
	Title = {Third-party web tracking: Policy and technology},
	Year = {2012}}

@article{denning76,
 author = {Denning, Dorothy E.},
 title = {A Lattice Model of Secure Information Flow},
 journal = {Commun. ACM},
 issue_date = {May 1976},
 volume = {19},
 number = {5},
 month = may,
 Year = {1976},
 pages = {236--243},
} 

@misc{caja,
  title = {{Google {C}aja - {A} source-to-source translator for securing {J}ava{S}cript-based web content}},
  howpublished = "\url{https://developers.google.com/caja/}",
  note = "[Online; accessed 25-Apr-2017]"
}

@misc{infoleaks,
	Title = {{W}orld's {B}iggest {D}ata {B}reaches},
        howpublished = "\url{http://www.informationisbeautiful.net/visualizations/worlds-biggest-data-breaches-hacks/}",
	note = "[Online; accessed 25-Apr-2017]",
	Year = {2017}
}

@misc{adsafe,
  Author = {D. Crockford}, 
  title = {{A{D}safe}},
  howpublished = "\url{http://adsafe.org/}",
  note = "[Online; accessed 25-Apr-2017]"
}

@misc{fbjs,
  title = {{Facebook. FBJS}},
  howpublished = "\url{https://developers.facebook.com/docs/javascript}",
  note = "[Online; accessed 25-Apr-2017]"
}


@misc{sunspider,
	Title = {Sunspider 1.0.2 JavaScript Benchmark},
        url = {http://www.webkit.org/perf/sunspider/sunspider.html},
	  note = "[Online; accessed 25-Apr-2017]"
}

@misc{alexa,
	Title = {Alexa top 500 global sites},
        url = {http://www.alexa.com/topsites},
	  note = "[Online; accessed 25-Apr-2017]"
}

@misc{sop,
	Author = {A Barth},
	Title = {The web origin concept},
	  howpublished = "\url{http://tools.ietf.org/html/rfc6454}",
  note = "[Online; accessed 25-Apr-2017]"
	}

@misc{csp,
	Title = {{Content {S}ecurity {P}olicy Level 3}},
	howpublished = "\url{https://www.w3.org/TR/CSP3/}",
  note = "[Online; accessed 25-Apr-2017]"
  }

@misc{cors,
	Title = {Cross-{O}rigin {R}esource {S}haring},
        howpublished = "\url{http://www.w3.org/TR/cors/}",
  note = "[Online; accessed 25-Apr-2017]"
	}

@misc{postmessage,
	Title = {H{T}{M}{L}5 web messaging},
        howpublished = "\url{http://www.w3.org/TR/webmessaging/}",
	note = "[Online; accessed 25-Apr-2017]"
}

@article{pottier2003,
 author = {Pottier, Fran\c{c}ois and Simonet, Vincent},
 title = {Information Flow Inference for ML},
 journal = {ACM Trans. Program. Lang. Syst.},
 issue_date = {January 2003},
 volume = {25},
 number = {1},
 month = jan,
 Year = {2003},
 pages = {117--158},
} 

@inproceedings{sac14,
	Author = {Daniel Hedin and Arnar Birgisson and Luciano Bello and Andrei Sabelfeld},
	Booktitle = {Proc. 29th ACM Symposium on Applied Computing},
	Title = {J{S}{F}low: Tracking Information Flow in {J}ava{S}cript and its {A}{P}{I}s},
	Year = {2014}}

@inproceedings{oopsla13,
        author = {Richards, Gregor and Hammer, Christian and Zappa Nardelli, Francesco and Jagannathan, Suresh and Vitek, Jan},
        title = {Flexible Access Control for Javascript},
        booktitle = {Proc. 2013 ACM SIGPLAN International Conference on Object Oriented Programming Systems Languages \& Applications},
        series = {OOPSLA '13},
        Year = {2013},
        pages = {305--322},
} 

@inproceedings{dlm,
 author = {Myers, Andrew C. and Liskov, Barbara},
 title = {A decentralized model for information flow control},
 booktitle = {Proc. 16th ACM Symposium on Operating Systems Principles},
 Year = {1997},
 pages = {129--142}, 
}

@inproceedings{aslan_plas09,
	Acmid = {1554346},
	Author = {Askarov, Aslan and Sabelfeld, Andrei},
	Booktitle = {Proc. ACM SIGPLAN Fourth Workshop on Programming Languages and Analysis for Security},
	Numpages = {13},
	Pages = {45--57},
	Title = {Catch me if you can: permissive yet secure error handling},
	Year = {2009}}

@inproceedings{myersJFlow,
 author = {Myers, Andrew C.},
 title = {J{F}low: practical mostly-static information flow control},
 booktitle = {Proc. 26th ACM SIGPLAN-SIGACT symposium on Principles of programming languages},
 series = {POPL '99},
 Year = {1999},
 pages = {228--241},
 numpages = {14}
} 


@misc{leak,
      author = {OWASP Foundation},
      title = {Information Leakage},
      month = {June},
      Year = {2013},
      howpublished = {\url{https://www.owasp.org/index.php/Information_Leakage}}
}


@phdthesis{gurvanPhDThesis,
 author = {Gurvan Le Guernic},
 advisor = {Schmidt, David and Banerjee, Anindya},
 title = {Confidentiality Enforcement Using Dynamic Information Flow Analyses},
 Year = {2007},
 school = {Kansas State University},
 address = {Manhattan, KS, USA},
}

@inproceedings{Hritcu:ifc,
 author = {Hritcu, Catalin and Greenberg, Michael and Karel, Ben and Pierce, Benjamin C. and Morrisett, Greg},
 title = {All Your {IFCE}xception Are Belong to Us},
 booktitle = {Proc.\ IEEE Symposium on Security and Privacy (Oakland)},
 Year = {2013},
 pages = {3--17}
} 

@inproceedings{esorics12,
	Author = {Birgisson, Arnar and Hedin, Daniel and Sabelfeld, Andrei},
	Booktitle = {Proc.\ European Symposium on Research in Computer Security (ESORICS)},
	Pages = {55--72},
	Title = {Boosting the Permissiveness of Dynamic Information-Flow Tracking by Testing},
	Year = {2012}}

@inproceedings{nick12CCS,
 author = {Nikiforakis, Nick and Invernizzi, Luca and Kapravelos, Alexandros and Van Acker, Steven and Joosen, Wouter and Kruegel, Christopher and Piessens, Frank and Vigna, Giovanni},
 title = {You Are What You Include: Large-scale Evaluation of Remote Javascript Inclusions},
 booktitle = {Proc. 2012 ACM Conference on Computer and Communications Security},
 series = {CCS '12},
 Year = {2012},
 pages = {736--747},
 numpages = {12},
}

@inproceedings{csf15Hedin,
 author = {Hedin, Daniel and Bello, Luciano and Sabelfeld, Andrei},
 title = {Value-Sensitive Hybrid Information Flow Control for a JavaScript-Like Language},
 booktitle = {Proc. 2015 IEEE 28th Computer Security Foundations Symposium},
 series = {CSF '15},
 Year = {2015},
 pages = {351--365},
}

@article{fenton,
author = {Fenton, J. S.},
title = {Memoryless subsystems},
journal = {The Computer Journal},
volume = {17},
number = {2},
pages = {143},
Year = {1974},
}

@book{CoverQIF,
 author = {Cover, Thomas M. and Thomas, Joy A.},
 title = {Elements of Information Theory (Wiley Series in Telecommunications and Signal Processing)},
 Year = {2006},
 publisher = {Wiley-Interscience},
}

@article{hammer09ijis,
  title = {Flow-Sensitive, Context-Sensitive, and Object-sensitive Information Flow Control Based on Program Dependence Graphs},
  Year = {2009},
  month = dec,
  publisher = {Springer},
  volume = {8},
  number = {6},
  pages = {399--422},
  journal = {International Journal of Information Security},
  author = {Christian Hammer and Gregor Snelting},
}

@inproceedings{vogt07NDSS,
	Author = {Philipp Vogt and Florian Nentwich and Nenad Jovanovic and Engin Kirda and Christopher Krügel and Giovanni Vigna},
	Booktitle = {Proc. Network and Distributed System Security Symposium},
	Title = {Cross Site Scripting Prevention with Dynamic Data Tainting and Static Analysis},
	Year = {2007}}

@inproceedings{ldr,
 author = {Askarov, Aslan and Sabelfeld, Andrei},
 title = {Localized Delimited Release: Combining the What and Where Dimensions of Information Release},
 booktitle = {Proc. 2007 Workshop on Programming Languages and Analysis for Security},
 series = {PLAS '07},
 Year = {2007},
 pages = {53--60},
} 

@inproceedings{Lux,
 author = {Lux, Alexander and Mantel, Heiko},
 title = {Declassification with Explicit Reference Points},
 booktitle = {Proc. 14th European Conference on Research in Computer Security},
 series = {ESORICS'09},
 Year = {2009},
 pages = {69--85}} 

@inproceedings{robust,
 author = {Zdancewic, Steve and Myers, Andrew C.},
 title = {Robust Declassification},
 booktitle = {Proc. 14th IEEE Workshop on Computer Security Foundations},
 series = {CSFW '01},
 Year = {2001},
 pages = {15--23},
} 

@article{permodel,
author={Sabelfeld, Andrei and Sands, David},
title="A Per Model of Secure Information Flow in Sequential Programs",
journal="Higher-Order and Symbolic Computation",
Year="2001",
volume="14",
number="1",
pages="59--91",
}

@inproceedings{chong2004,
 author = {Chong, Stephen and Myers, Andrew C.},
 title = {Security Policies for Downgrading},
 booktitle = {Proc. 11th ACM Conference on Computer and Communications Security},
 series = {CCS '04},
 Year = {2004},
 pages = {198--209},
}

@INPROCEEDINGS{rir, 
author={Stephen Chong}, 
booktitle={Proc. 2010 23rd IEEE Computer Security Foundations Symposium}, 
title={Required Information Release}, 
Year={2010}, 
pages={215--227},
month={July}
}

@inproceedings{fineSME,
 author = {Rafnsson, Willard and Sabelfeld, Andrei},
 title = {Secure Multi-execution: Fine-Grained, Declassification-Aware, and Transparent},
 booktitle = {Proc. 2013 IEEE 26th Computer Security Foundations Symposium},
 series = {CSF '13},
 Year = {2013},
 pages = {33--48},
}

@article{Lengauer,
	Author = {Lengauer, Thomas and Tarjan, Robert Endre},
	Issue_Date = {July 1979},
	Journal = {ACM Trans. Program. Lang. Syst.},
	Month = Jan,
	Number = {1},
	Pages = {121--141},
	Title = {A fast algorithm for finding dominators in a flowgraph},
	Volume = {1},
	Year = {1979}}

@misc{dromaeo,
	Title = {{D}romaeo: {JS} performance testing},
        url = {http://dromaeo.com/},
	  note = "[Online; accessed 25-Apr-2017]"
}

@misc{DOML1Spec,
	Title = {W3{C} {D}ocument {O}bject {M}odel {L}evel 1 {S}pecification},
        url = {http://www.w3.org/TR/REC-DOM-Level-1/},
	  note = "[Online; accessed 25-Apr-2017]"
}

@misc{DOMSpec,
	Title = {W3{C} {D}ocument {O}bject {M}odel {L}evel 3 {C}ore {S}pecification},
        url = {http://www.w3.org/TR/DOM-Level-3-Core},
	  note = "[Online; accessed 25-Apr-2017]"
}

@misc{eventSpec,
	Title = {W3{C} {D}ocument {O}bject {M}odel {L}evel 3 {E}vents {S}pecification},
        url = {http://www.w3.org/TR/DOM-Level-3-Events},
	note = "[Online; accessed 25-Apr-2017]"
}

@misc{HTMLSpec,
	Title = {HTML 5 spec},
        url = {http://www.w3.org/TR/html5},
	  note = "[Online; accessed 25-Apr-2017]"
}

@misc{dialogHTML5,
	Title = {Simple Dialogs - {W}eb {A}pplication {A}{P}{I}s - {H}{T}{M}{L} 5},
        url = {http://www.w3.org/TR/html5/webappapis.html#simple-dialogs},
	  note = "[Online; accessed 25-Apr-2017]"
}


@article{post14Extended,
  author    = {Abhishek Bichhawat and Vineet Rajani and Deepak Garg and Christian Hammer},
  title     = {{Information Flow Control in WebKit's JavaScript Bytecode}},
  journal   = {CoRR},
  volume    = {abs/1401.4339},
  year      = {2014},
  url       = {http://arxiv.org/abs/1401.4339},
}

@inproceedings{chudnov-ccs,
 author = {Chudnov, Andrey and Naumann, David A.},
 title = {Inlined Information Flow Monitoring for JavaScript},
 booktitle = {Proc. 22nd ACM SIGSAC Conference on Computer and Communications Security},
 series = {CCS '15},
 year = {2015},
 pages = {629--643},
} 

@INPROCEEDINGS{webpol,
	TITLE = {{WebPol: Fine-grained Information Flow Policies for Web Browsers}},
	AUTHOR = {Bichhawat, Abhishek and Rajani, Vineet and Jain, Jinank and Garg, Deepak and Hammer, Christian},
	BOOKTITLE = {Proc. 22nd European Symposium on Research in Computer Security (ESORICS '17)},
	YEAR = 2017,
}
