%% This BibTeX bibliography file was created using BibDesk.
%% http://bibdesk.sourceforge.net/


%% Created for Christian Hammer at 2013-10-11 19:39:10 +0200 


%% Saved with string encoding Unicode (UTF-8) 

@INPROCEEDINGS{webpol,
	TITLE = {{WebPol: Fine-grained Information Flow Policies for Web Browsers}},
	AUTHOR = {Bichhawat, Abhishek and Rajani, Vineet and Jain, Jinank and Garg, Deepak and Hammer, Christian},
	BOOKTITLE = {Proc. 22nd European Symposium on Research in Computer Security (ESORICS '17)},
	YEAR = 2017,
}

@inproceedings{timing,
 author = {Van Goethem, Tom and Joosen, Wouter and Nikiforakis, Nick},
 title = {The Clock is Still Ticking: Timing Attacks in the Modern Web},
 booktitle = {Proc. 22nd ACM SIGSAC Conference on Computer and Communications Security},
 series = {CCS '15},
 year = {2015},
 pages = {1382--1393},
}

@inproceedings{plas07,
   author = {Stephen McCamant and Michael D. Ernst},
   title = {A simulation-based proof technique for dynamic information flow},
   booktitle = {ACM SIGPLAN Workshop on Programming Languages
	and Analysis for Security},
   pages = {41--46},
   series = {PLAS '07},
   month = Jun,
   year = {2007}
}

@inproceedings{formalweb,
 author = {Devdatta Akhawe and Adam Barth and Peifung E. Lam and John Mitchell and Dawn Song},
 title = {Towards a Formal Foundation of Web Security},
 booktitle = {Proc. 23rd IEEE Computer Security Foundations Symposium},
 series = {CSF '10},
 year = {2010},
 pages = {290--304},
} 

@inproceedings{S5,
 author = {Politz, Joe Gibbs and Carroll, Matthew J. and Lerner, Benjamin S. and Pombrio, Justin and Krishnamurthi, Shriram},
 title = {A Tested Semantics for Getters, Setters, and Eval in {J}ava{S}cript},
 booktitle = {Proceedings of the 8th Dynamic Languages Symposium},
 year = {2012},
 pages = {1--16},
 numpages = {16},
}

@inproceedings{JSbench,
 author = {Richards, Gregor and Gal, Andreas and Eich, Brendan and Vitek, Jan},
 title = {Automated Construction of JavaScript Benchmarks},
 booktitle = {Proceedings of the 2011 ACM International Conference on Object Oriented Programming Systems Languages and Applications},
 year = {2011},
 pages = {677--694},
 numpages = {18},
} 

@inproceedings{guarnieri11ISSTA,
	Acmid = {2001442},
	Author = {Guarnieri, Salvatore and Pistoia, Marco and Tripp, Omer and Dolby, Julian and Teilhet, Stephen and Berg, Ryan},
	Booktitle = {Proc. 2011 International Symposium on Software Testing and Analysis},
	Date-Added = {2013-10-11 14:22:58 +0000},
	Date-Modified = {2013-10-11 14:23:24 +0000},
	Doi = {10.1145/2001420.2001442},
	Isbn = {978-1-4503-0562-4},
	Keywords = {JavaScript, abstract interpretation, information flow, static analysis},
	Numpages = {11},
	Pages = {177--187},
	Series = {ISSTA '11},
	Title = {Saving the world wide web from vulnerable JavaScript},
	Year = {2011},
	Bdsk-Url-1 = {http://doi.acm.org/10.1145/2001420.2001442}}

@inproceedings{bello13PhD,
	Author = {Daniel Hedin and Arnar Birgisson and Luciano Bello and Andrei Sabelfeld},
	Booktitle = {Proc. 29th ACM Symposium on Applied Computing},
	Title = {J{S}{F}low: Tracking Information Flow in {J}ava{S}cript and its {A}{P}{I}s},
	Year = {2014}}

@inproceedings{popl14,
	Author = {Martin Bodin and Arthur Chargueraud and Daniele Filaretti and Philippa Gardner and Sergio Maffeis and Daiva Naudziuniene and Alan Schmitt and Gareth Smith},
	Booktitle = {Proc. 41st ACM SIGPLAN-SIGACT Symposium on Principles of Programming Languages},
	Title = {A Trusted Mechanised JavaScript Specification},
	Year = {2014}}

@phdthesis{bello13Licentiate,
 	Author = {Luciano Bello},
        Date-Added = {2013-10-09 18:20:54 +0000},
 	Date-Modified = {2013-10-10 06:19:13 +0000},
 	School = {Chalmers, Sweden},
 	Title = {Information-Flow Tracking for Dynamic Languages},
 	Year = {2013}}

@phdthesis{zdancewic02PhD,
	Author = {Stephan A. Zdancewic},
	Date-Added = {2013-10-09 18:04:53 +0000},
	Date-Modified = {2013-10-09 18:04:53 +0000},
	Month = {August},
	School = {Cornell University},
	Title = {Programming Languages for Information Security},
	Year = {2002},
	Bdsk-File-1 = {YnBsaXN0MDDUAQIDBAUGJCVYJHZlcnNpb25YJG9iamVjdHNZJGFyY2hpdmVyVCR0b3ASAAGGoKgHCBMUFRYaIVUkbnVsbNMJCgsMDxJXTlMua2V5c1pOUy5vYmplY3RzViRjbGFzc6INDoACgAOiEBGABIAFgAdccmVsYXRpdmVQYXRoWWFsaWFzRGF0YV8QKC4uLy4uLy4uLy4uL0Rvd25sb2Fkcy8xMC4xLjEuNzQuNzEyNS5wZGbSFwsYGVdOUy5kYXRhTxEBkAAAAAABkAACAAAMTWFjaW50b3NoIEhEAAAAAAAAAAAAAAAAAAAAzMwmpEgrAAAABykcEjEwLjEuMS43NC43MTI1LnBkZgAAAAAAAAAAAAAAAAAAAAAAAAAAAAAAAAAAAAAAAAAAAAAAAAAAAAAAAAAAAAAHKV7KdKMHAAAAAAAAAAAABAACAAAJIAAAAAAAAAAAAAAAAAAAAAlEb3dubG9hZHMAABAACAAAzMwYlAAAABEACAAAynSG5wAAAAEADAAHKRwABcr8AAIGOgACADlNYWNpbnRvc2ggSEQ6VXNlcnM6AGhhbW1lcjoARG93bmxvYWRzOgAxMC4xLjEuNzQuNzEyNS5wZGYAAA4AJgASADEAMAAuADEALgAxAC4ANwA0AC4ANwAxADIANQAuAHAAZABmAA8AGgAMAE0AYQBjAGkAbgB0AG8AcwBoACAASABEABIAKVVzZXJzL2hhbW1lci9Eb3dubG9hZHMvMTAuMS4xLjc0LjcxMjUucGRmAAATAAEvAAAVAAIADf//AACABtIbHB0eWiRjbGFzc25hbWVYJGNsYXNzZXNdTlNNdXRhYmxlRGF0YaMdHyBWTlNEYXRhWE5TT2JqZWN00hscIiNcTlNEaWN0aW9uYXJ5oiIgXxAPTlNLZXllZEFyY2hpdmVy0SYnVHJvb3SAAQAIABEAGgAjAC0AMgA3AEAARgBNAFUAYABnAGoAbABuAHEAcwB1AHcAhACOALkAvgDGAloCXAJhAmwCdQKDAocCjgKXApwCqQKsAr4CwQLGAAAAAAAAAgEAAAAAAAAAKAAAAAAAAAAAAAAAAAAAAsg=}}

@article{denning,
	Acmid = {360056},
	Author = {Denning, Dorothy E.},
	Doi = {10.1145/360051.360056},
	Issn = {0001-0782},
	Issue_Date = {May 1976},
	Journal = {Commun. ACM},
	Keywords = {information flow, lattice, program certification, protection, security, security class},
	Month = may,
	Number = {5},
	Numpages = {8},
	Pages = {236--243},
	Title = {A lattice model of secure information flow},
	Url = {http://doi.acm.org/10.1145/360051.360056},
	Volume = {19},
	Year = {1976},
	Bdsk-Url-1 = {http://doi.acm.org/10.1145/360051.360056},
	Bdsk-Url-2 = {http://dx.doi.org/10.1145/360051.360056}}

@inproceedings{just11PLASTIC,
	Acmid = {2093331},
	Author = {Just, Seth and Cleary, Alan and Shirley, Brandon and Hammer, Christian},
	Booktitle = {Proc. 1st ACM SIGPLAN International Workshop on Programming Language and Systems Technologies for Internet Clients},
	Date-Added = {2013-07-08 13:23:41 +0000},
	Date-Modified = {2013-07-08 13:23:41 +0000},
	Doi = {10.1145/2093328.2093331},
	Isbn = {978-1-4503-1171-7},
	Keywords = {eval, hybrid program analysis, implicit flow, information flow control, unstructured control flow},
	Numpages = {10},
	Pages = {9--18},
	Title = {Information flow analysis for {J}ava{S}cript},
	Year = {2011},
	Bdsk-Url-1 = {http://dx.doi.org/10.1145/2093328.2093331}}

@inproceedings{richards11ECOOP,
	Author = {Gregor Richards and Christian Hammer and Brian Burg and Jan Vitek},
	Booktitle = {ECOOP '11},
	Date-Added = {2013-07-08 13:22:11 +0000},
	Date-Modified = {2013-07-08 13:22:11 +0000},
	Doi = {10.1007/978-3-642-22655-7_4},
	Editor = {Mira Mezzini},
	Isbn = {978-3-642-22654-0},
	Pages = {52--78},
	Series = {LNCS},
	Title = {The Eval that Men Do -- A Large-scale Study of the Use of Eval in {J}ava{S}cript Applications},
	Volume = {6813},
	Year = {2011},
	Bdsk-Url-1 = {http://dx.doi.org/10.1007/978-3-642-22655-7_4}}

@inproceedings{moore11CSF,
	Author = {Scott Moore and Stephen Chong},
	Booktitle = {Proc. 24th IEEE Computer Security Foundations Symposium},
	Date-Added = {2013-07-05 13:16:20 +0000},
	Date-Modified = {2013-07-05 13:16:20 +0000},
	Doi = {http://doi.ieeecomputersociety.org/10.1109/CSF.2011.17},
	Isbn = {978-0-7695-4365-9},
	Pages = {146--160},
	Title = {Static Analysis for Efficient Hybrid Information-Flow Control},
	Year = {2011},
	Bdsk-Url-1 = {http://doi.ieeecomputersociety.org/10.1109/CSF.2011.17}}

@inproceedings{suh04ASPLOS,
	Acmid = {1024404},
	Author = {Suh, G. Edward and Lee, Jae W. and Zhang, David and Devadas, Srinivas},
	Booktitle = {Proc. 11th International Conference on Architectural Support for Programming Languages and Operating Systems},
	Date-Added = {2013-07-05 13:11:50 +0000},
	Date-Modified = {2013-07-05 13:11:50 +0000},
	Doi = {http://doi.acm.org/10.1145/1024393.1024404},
	Isbn = {1-58113-804-0},
	Numpages = {12},
	Pages = {85--96},
	Title = {Secure program execution via dynamic information flow tracking},
	Url = {http://doi.acm.org/10.1145/1024393.1024404},
	Year = {2004},
	Bdsk-Url-1 = {http://doi.acm.org/10.1145/1024393.1024404}}

@inproceedings{jang10CCS,
	Author = {Jang, Dongseok and Jhala, Ranjit and Lerner, Sorin and Shacham, Hovav},
	Booktitle = {Proc. 17th ACM Conference on Computer and Communications Security},
	Date-Added = {2013-07-05 13:10:59 +0000},
	Date-Modified = {2013-07-05 13:10:59 +0000},
	Pages = {270--283},
	Title = {An empirical study of privacy-violating information flows in {J}ava{S}cript web applications},
	Year = {2010}}

@inproceedings{austin12POPL,
	Acmid = {2103677},
	Author = {Austin, Thomas H. and Flanagan, Cormac},
	Booktitle = {Proc. 39th annual ACM SIGPLAN-SIGACT Symposium on Principles of Programming Languages},
	Date-Added = {2013-07-05 13:08:38 +0000},
	Date-Modified = {2013-07-05 13:08:38 +0000},
	Doi = {10.1145/2103656.2103677},
	Isbn = {978-1-4503-1083-3},
	Numpages = {14},
	Pages = {165--178},
	Title = {Multiple facets for dynamic information flow},
	Year = {2012},
	Bdsk-Url-1 = {http://doi.acm.org/10.1145/2103656.2103677}}

@inproceedings{vogt07NDSS,
	Author = {Philipp Vogt and Florian Nentwich and Nenad Jovanovic and Engin Kirda and Christopher Krügel and Giovanni Vigna},
	Booktitle = {Proceeding of the Network and Distributed System Security Symposium},
	Date-Added = {2013-07-05 13:06:04 +0000},
	Date-Modified = {2013-07-05 13:06:04 +0000},
	Title = {Cross Site Scripting Prevention with Dynamic Data Tainting and Static Analysis},
	Url = {https://www.isoc.org/isoc/conferences/ndss/07/papers/cross-site-scripting_prevention.pdf},
	Year = {2007},
	Bdsk-Url-1 = {https://www.isoc.org/isoc/conferences/ndss/07/papers/cross-site-scripting_prevention.pdf}}

@incollection{esorics12,
	Author = {Birgisson, Arnar and Hedin, Daniel and Sabelfeld, Andrei},
	Booktitle = {Computer Security – ESORICS 2012},
	Isbn = {978-3-642-33166-4},
	Pages = {55--72},
	Publisher = {Springer Berlin Heidelberg},
	Series = {LNCS},
	Title = {Boosting the Permissiveness of Dynamic Information-Flow Tracking by Testing},
	Volume = {7459},
	Year = {2012}}

@inproceedings{csf12,
	Acmid = {2355236},
	Author = {Hedin, Daniel and Sabelfeld, Andrei},
	Booktitle = {Proc. 25th IEEE Computer Security Foundations Symposium},
	Doi = {10.1109/CSF.2012.19},
	Isbn = {978-0-7695-4718-3},
	Keywords = {information-flow security, language based security},
	Numpages = {16},
	Pages = {3--18},
	Title = {Information-Flow Security for a Core of {J}ava{S}cript},
	Url = {http://dx.doi.org/10.1109/CSF.2012.19},
	Year = {2012},
	Bdsk-Url-1 = {http://dx.doi.org/10.1109/CSF.2012.19}}

@inproceedings{JSZap,
	Acmid = {1863170},
	Author = {Burtscher, Martin and Livshits, Benjamin and Zorn, Benjamin G. and Sinha, Gaurav},
	Booktitle = {Proc. 2010 USENIX conference on Web application development},
	Series = {WebApps'10},
	Title = {JSZap: compressing {J}ava{S}cript code},
	Url = {http://dl.acm.org/citation.cfm?id=1863166.1863170},
	Year = {2010},
	Bdsk-Url-1 = {http://dl.acm.org/citation.cfm?id=1863166.1863170}}

@inproceedings{stagedIFC,
	Author = {Ravi Chugh and Jeffrey A. Meister and Ranjit Jhala and Sorin Lerner},
	Booktitle = {Proc. 2009 ACM SIGPLAN Conference on Programming Language Design and Implementation},
	Pages = {50--62},
	Title = {Staged information flow for {J}ava{S}cript},
	Year = {2009}}

@inproceedings{plas09,
	Acmid = {1554353},
	Author = {Austin, Thomas H. and Flanagan, Cormac},
	Booktitle = {Proc. ACM SIGPLAN Fourth Workshop on Programming Languages and Analysis for Security},
	Doi = {10.1145/1554339.1554353},
	Isbn = {978-1-60558-645-8},
	Keywords = {dynamic analysis, information flow control},
	Numpages = {12},
	Pages = {113--124},
	Title = {Efficient purely-dynamic information flow analysis},
	Url = {http://doi.acm.org/10.1145/1554339.1554353},
	Year = {2009},
	Bdsk-Url-1 = {http://doi.acm.org/10.1145/1554339.1554353},
	Bdsk-Url-2 = {http://dx.doi.org/10.1145/1554339.1554353}}

@inproceedings{plas10,
	Acmid = {1814220},
	Articleno = {3},
	Author = {Austin, Thomas H. and Flanagan, Cormac},
	Booktitle = {Proc. 5th ACM SIGPLAN Workshop on Programming Languages and Analysis for Security},
	Doi = {10.1145/1814217.1814220},
	Isbn = {978-1-60558-827-8},
	Keywords = {dynamic analysis, information flow control},
	Numpages = {12},
	Pages = {3:1--3:12},
	Title = {Permissive dynamic information flow analysis},
	Url = {http://doi.acm.org/10.1145/1814217.1814220},
	Year = {2010},
	Bdsk-Url-1 = {http://doi.acm.org/10.1145/1814217.1814220},
	Bdsk-Url-2 = {http://dx.doi.org/10.1145/1814217.1814220}}

@inproceedings{flowfox,
	Acmid = {2382275},
	Author = {De Groef, Willem and Devriese, Dominique and Nikiforakis, Nick and Piessens, Frank},
	Booktitle = {Proc. 2012 ACM Conference on Computer and Communications Security},
	Doi = {10.1145/2382196.2382275},
	Isbn = {978-1-4503-1651-4},
	Keywords = {information flow, web browser architecture, web security},
	Numpages = {12},
	Pages = {748--759},
	Title = {FlowFox: a web browser with flexible and precise information flow control},
	Url = {http://doi.acm.org/10.1145/2382196.2382275},
	Year = {2012},
	Bdsk-Url-1 = {http://doi.acm.org/10.1145/2382196.2382275},
	Bdsk-Url-2 = {http://dx.doi.org/10.1145/2382196.2382275}}

@inproceedings{SME,
	Acmid = {1849969},
	Author = {Devriese, Dominique and Piessens, Frank},
	Booktitle = {Proc. 2010 IEEE Symposium on Security and Privacy},
	Doi = {10.1109/SP.2010.15},
	Isbn = {978-0-7695-4035-1},
	Keywords = {Secure Multi-Execution, Information Flow, Noninterference},
	Numpages = {16},
	Pages = {109--124},
	Title = {Noninterference through Secure Multi-execution},
	Url = {http://dx.doi.org/10.1109/SP.2010.15},
	Year = {2010},
	Bdsk-Url-1 = {http://dx.doi.org/10.1109/SP.2010.15}}

@inproceedings{rni,
	Acmid = {1653673},
	Author = {Bohannon, Aaron and Pierce, Benjamin C. and Sj\"{o}berg, Vilhelm and Weirich, Stephanie and Zdancewic, Steve},
	Booktitle = {Proc. 16th ACM Conference on Computer and Communications Security},
	Doi = {10.1145/1653662.1653673},
	Isbn = {978-1-60558-894-0},
	Keywords = {information flow, noninterference, reactive programming, web applications, web browsers},
	Numpages = {12},
	Pages = {79--90},
	Title = {Reactive noninterference},
	Url = {http://doi.acm.org/10.1145/1653662.1653673},
	Year = {2009},
	Bdsk-Url-1 = {http://doi.acm.org/10.1145/1653662.1653673},
	Bdsk-Url-2 = {http://dx.doi.org/10.1145/1653662.1653673}}

@inproceedings{rnib,
	Author = {Bielova, N. and Devriese, D. and Massacci, F. and Piessens, F.},
	Booktitle = {5th International Conference on Network and System Security (NSS),},
	Doi = {10.1109/ICNSS.2011.6059965},
	Pages = {97-104},
	Title = {Reactive non-interference for a browser model},
	Year = {2011},
	Bdsk-Url-1 = {http://dx.doi.org/10.1109/ICNSS.2011.6059965}}

@inproceedings{FWF,
	Acmid = {1863177},
	Author = {Bohannon, Aaron and Pierce, Benjamin C.},
	Booktitle = {Proc. 2010 USENIX conference on Web application development},
	Numpages = {12},
	Pages = {11--22},
	Series = {WebApps'10},
	Title = {Featherweight Firefox: formalizing the core of a web browser},
	Url = {http://dl.acm.org/citation.cfm?id=1863166.1863177},
	Year = {2010},
	Bdsk-Url-1 = {http://dl.acm.org/citation.cfm?id=1863166.1863177}}

@article{LBIFS,
	Author = {Andrei Sabelfeld and Andrew C. Myers},
	Journal = {IEEE Journal on Selected Areas in Communications},
	Pages = {5--19},
	Title = {Language-Based Information-Flow Security},
	Volume = {21},
	Year = {2003}}

@inproceedings{taly,
	Acmid = {1485368},
	Author = {Maffeis, Sergio and Mitchell, John C. and Taly, Ankur},
	Booktitle = {Proc. 6th Asian Symposium on Programming Languages and Systems},
	Isbn = {978-3-540-89329-5},
	Numpages = {19},
	Pages = {307--325},
	Series = {APLAS '08},
	Title = {An Operational Semantics for {J}ava{S}cript},
	Year = {2008}}

@inproceedings{Guha,
	Acmid = {1883988},
	Author = {Guha, Arjun and Saftoiu, Claudiu and Krishnamurthi, Shriram},
	Booktitle = {Proc. 24th European Conference on Object-Oriented Programming},
	Isbn = {3-642-14106-4, 978-3-642-14106-5},
	Numpages = {25},
	Pages = {126--150},
	Title = {The essence of {J}ava{S}cript},
	Url = {http://dl.acm.org/citation.cfm?id=1883978.1883988},
	Year = {2010},
	Bdsk-Url-1 = {http://dl.acm.org/citation.cfm?id=1883978.1883988}}

@article{Masri,
	Author = {Wes Masri and Andy Podgurski},
	Journal = {Information {\&} Software Technology},
	Number = {2},
	Pages = {385--404},
	Title = {Algorithms and tool support for dynamic information flow analysis},
	Volume = {51},
	Year = {2009}}

@inproceedings{Xin,
	Acmid = {1273489},
	Author = {Xin, Bin and Zhang, Xiangyu},
	Booktitle = {Proc. 2007 International Symposium on Software Testing and Analysis},
	Doi = {10.1145/1273463.1273489},
	Isbn = {978-1-59593-734-6},
	Numpages = {11},
	Pages = {185--195},
	Title = {Efficient Online Detection of Dynamic Control Dependence},
	Url = {http://doi.acm.org/10.1145/1273463.1273489},
	Year = {2007},
	Bdsk-Url-1 = {http://doi.acm.org/10.1145/1273463.1273489},
	Bdsk-Url-2 = {http://dx.doi.org/10.1145/1273463.1273489}}

@article{Lengauer,
	Acmid = {357071},
	Author = {Lengauer, Thomas and Tarjan, Robert Endre},
	Doi = {10.1145/357062.357071},
	Issn = {0164-0925},
	Issue_Date = {July 1979},
	Journal = {ACM Trans. Program. Lang. Syst.},
	Month = Jan,
	Number = {1},
	Numpages = {21},
	Pages = {121--141},
	Title = {A fast algorithm for finding dominators in a flowgraph},
	Url = {http://doi.acm.org/10.1145/357062.357071},
	Volume = {1},
	Year = {1979},
	Bdsk-Url-1 = {http://doi.acm.org/10.1145/357062.357071},
	Bdsk-Url-2 = {http://dx.doi.org/10.1145/357062.357071}}

@inproceedings{aslan_plas09,
	Acmid = {1554346},
	Author = {Askarov, Aslan and Sabelfeld, Andrei},
	Booktitle = {Proc. ACM SIGPLAN Fourth Workshop on Programming Languages and Analysis for Security},
	Doi = {10.1145/1554339.1554346},
	Isbn = {978-1-60558-645-8},
	Numpages = {13},
	Pages = {45--57},
	Title = {Catch me if you can: permissive yet secure error handling},
	Url = {http://doi.acm.org/10.1145/1554339.1554346},
	Year = {2009},
	Bdsk-Url-1 = {http://doi.acm.org/10.1145/1554339.1554346},
	Bdsk-Url-2 = {http://dx.doi.org/10.1145/1554339.1554346}}

@article{denning77,
	Acmid = {359712},
	Author = {Denning, Dorothy E. and Denning, Peter J.},
	Doi = {10.1145/359636.359712},
	Issn = {0001-0782},
	Issue_Date = {July 1977},
	Journal = {Commun. ACM},
	Month = Jul,
	Number = {7},
	Numpages = {10},
	Pages = {504--513},
	Title = {Certification of programs for secure information flow},
	Url = {http://doi.acm.org/10.1145/359636.359712},
	Volume = {20},
	Year = {1977},
	Bdsk-Url-1 = {http://doi.acm.org/10.1145/359636.359712},
	Bdsk-Url-2 = {http://dx.doi.org/10.1145/359636.359712}}

@article{concurrent02,
	Author = {Gérard Boudol and Ilaria Castellani},
	Doi = {http://dx.doi.org/10.1016/S0304-3975(02)00010-5},
	Issn = {0304-3975},
	Journal = {Theoretical Computer Science},
	Number = {1–2},
	Pages = {109 - 130},
	Title = {Noninterference for concurrent programs and thread systems},
	Url = {http://www.sciencedirect.com/science/article/pii/S0304397502000105},
	Volume = {281},
	Year = {2002},
	Bdsk-Url-1 = {http://www.sciencedirect.com/science/article/pii/S0304397502000105},
	Bdsk-Url-2 = {http://dx.doi.org/10.1016/S0304-3975(02)00010-5}}

@incollection{concurrent12,
	Author = {Popescu, Andrei and Hölzl, Johannes and Nipkow, Tobias},
	Booktitle = {Certified Programs and Proofs},
	Doi = {10.1007/978-3-642-35308-6_11},
	Editor = {Hawblitzel, Chris and Miller, Dale},
	Isbn = {978-3-642-35307-9},
	Pages = {109-125},
	Publisher = {Springer Berlin Heidelberg},
	Series = {Lecture Notes in Computer Science},
	Title = {Proving Concurrent Noninterference},
	Url = {http://dx.doi.org/10.1007/978-3-642-35308-6_11},
	Volume = {7679},
	Year = {2012},
	Bdsk-Url-1 = {http://dx.doi.org/10.1007/978-3-642-35308-6_11}}

@inproceedings{oopsla13-draft,
	Author = {Richards, Gregor and Hammer, Christian and Jagannathan, Suresh and Zappa Nardelli, Francesco and Vitek, Jan},
	Booktitle = {OOPSLA '13},
	Date-Modified = {2013-10-11 17:39:10 +0000},
	Title = {Flexible Access Control Policies with Delimited Histories and Revocation},
	Year = {2013}}

@inproceedings{oopsla13,
        author = {Richards, Gregor and Hammer, Christian and Zappa Nardelli, Francesco and Jagannathan, Suresh and Vitek, Jan},
        title = {Flexible Access Control for Javascript},
        booktitle = {Proc. 2013 ACM SIGPLAN International Conference on Object Oriented Programming Systems Languages \& Applications},
        series = {OOPSLA '13},
        year = {2013},
        isbn = {978-1-4503-2374-1},
        pages = {305--322},
        numpages = {18},
        url = {http://doi.acm.org/10.1145/2509136.2509542},
        doi = {10.1145/2509136.2509542},
        acmid = {2509542}
} 

@inproceedings{goguen,
	Author = {Goguen, Joseph A. and Meseguer, Jos{\'{e}}},
	Booktitle = {Proc. 1982 IEEE Symposium on Security and Privacy},
	Numpages = {10},
	Pages = {11--20},
	Title = {Security policies and security models},
	Year = {1982}}

@inproceedings{acsac09,
	Author = {Dhawan, Mohan and Ganapathy, Vinod},
	Booktitle = {Proc. 2009 Annual Computer Security Applications Conference},
	Isbn = {978-0-7695-3919-5},
	Numpages = {10},
	Pages = {382--391},
	Series = {ACSAC '09},
	Title = {Analyzing Information Flow in {J}ava{S}cript-Based Browser Extensions},
	Year = {2009}}

@article{volpano,
	Author = {Volpano, Dennis and Irvine, Cynthia and Smith, Geoffrey},
	Issn = {0926-227X},
	Issue_Date = {Jan. 1996},
	Journal = {J. Comput. Secur.},
	Month = jan,
	Number = {2-3},
	Numpages = {21},
	Pages = {167--187},
	Title = {A sound type system for secure flow analysis},
	Volume = {4},
	Year = {1996}}

@inproceedings{declass1,
 author = {Myers, Andrew C. and Liskov, Barbara},
 title = {A decentralized model for information flow control},
 booktitle = {Proc. 16th ACM Symposium on Operating Systems Principles},
 year = {1997},
 isbn = {0-89791-916-5},
 pages = {129--142},
 numpages = {14},
 url = {http://doi.acm.org/10.1145/268998.266669},
 doi = {10.1145/268998.266669},
 acmid = {266669},
 
} 
@inproceedings{declass2,
    author = {Steve Zdancewic and Andrew C. Myers},
    title = {Robust Declassification},
    booktitle = {Proc. 14th IEEE Computer Security Foundations Workshop},
    year = {2001},
    pages = {15--23}
}

@book{denning82,
 author = {Robling Denning, Dorothy Elizabeth},
 title = {Cryptography and Data Security},
 year = {1982},
 isbn = {0-201-10150-5},
 publisher = {Addison-Wesley Longman Publishing Co., Inc.},
 address = {Boston, MA, USA},
} 
